@BOOK{Kaufman1974,
  title = {Sight and Mind: An Introduction to Visual Perception},
  publisher = {NY: Oxford University Press},
  year = {1974},
  author = {Kaufman, Lloyd},
  address = {368},
  owner = {Lloyd Kaufman},
  timestamp = {2014.02.01}
}

@MISC{Arduino2014,
  author = {Arduino},
  title = {Arduino Core functions and Libraries},
  year = {2014},
  owner = {Arduino},
  timestamp = {2014.01.02},
  url = {http://en.wikipedia.org/wiki/persistence\_of\_vision},
  urlaccessdate = {02 de janeiro de 2014}
}

@MISC{ArduinoRef2014,
  author = {Arduino},
  title = {Arduino Reference},
  year = {2014},
  owner = {Arduino},
  timestamp = {2014.01.02},
  url = {http://arduino.cc/en/Reference/HomePage},
  urlaccessdate = {02 de janeiro de 2014}
}

@MISC{RoboLivre2014,
  author = {RoboLivre},
  title = {Sensor de Infravermelho},
  year = {2014},
  owner = {RoboLivre},
  timestamp = {2014.01.02},
  url = {http://robolivre.org/conteudo/sensor-de-infravermelho},
  urlaccessdate = {02 de janeiro de 2014}
}
